@article{baggerxiong,
	author  = "Jonathan Bagger and Chi Xiong",
	title   = "{N=2 Nonlinear Sigma Models in N=1 Superspace: Four and Five dimensions}",
	year    = "2006"
	eprint  = "hep-th/0601165"
}	
@article{hitchin,
         author = {N. J. Hitchin and A. Karlhede and Ulf Lindstr\"{o}m and M. Ro\'{c}ek},	
	title   = {{Hyperk\"{a}hler Metrics and Supersymmetry}},
	journal = {Commun. Math. Phys.},
	volume  = {108},
	pages   = {535-589},
	year    = {1987}
}	
@book{wilks:95,
	author  = {Dominic D. Joyce},
	title   = {{Compact Manifolds with Special Holonomy}},
	publisher={Oxford Science Publications},
	year    = {2000}
}
